<?xml version="1.0" encoding="UTF-8"?>
<collection xmlns:xsi="http://www.w3.org/2001/XMLSchema-instance" xsi:schemaLocation="http://www.loc.gov/MARC21/slim http://www.loc.gov/standards/marcxml/schema/MARC21slim.xsd" xmlns="http://www.loc.gov/MARC21/slim">
<record>
  <leader>00608cam a2200181 u 4500</leader>
  <controlfield tag="001">649187</controlfield>
  <controlfield tag="003">NNC</controlfield>
  <controlfield tag="005">20100307233556.0</controlfield>
  <controlfield tag="008">880516s1913    ua ||||||||| |||||||ara |</controlfield>
  <datafield tag="035" ind1=" " ind2=" ">
    <subfield code="a">(OCoLC)60601341</subfield>
  </datafield>
  <datafield tag="035" ind1=" " ind2=" ">
    <subfield code="a">(OCoLC)ocm60601341</subfield>
  </datafield>
  <datafield tag="035" ind1=" " ind2=" ">
    <subfield code="a">(CStRLIN)NYCG88-B34702</subfield>
  </datafield>
  <datafield tag="035" ind1=" " ind2=" ">
    <subfield code="9">ACV6346CU</subfield>
  </datafield>
  <datafield tag="035" ind1=" " ind2=" ">
    <subfield code="a">(NNC)649187</subfield>
  </datafield>
  <datafield tag="100" ind1="1" ind2=" ">
    <subfield code="a">Bannani, Fath Allah ibn Abi Bakr,</subfield>
    <subfield code="d">1864 or 5-1934 or 5</subfield>
  </datafield>
  <datafield tag="245" ind1="1" ind2="0">
    <subfield code="a">Hashiyat al-ʻallamah al-Bannani ʻala sharh al-Jalal al-mahalli ʻala jamʻ al-jawamiʻ lil-imam ibn al-Subki.</subfield>
  </datafield>
  <datafield tag="260" ind1=" " ind2=" ">
    <subfield code="a">Misr :</subfield>
    <subfield code="b">Dar al-Kutub al-ʻArabiyah al-Kubra,</subfield>
    <subfield code="c">1332h [1913]</subfield>
  </datafield>
  <datafield tag="300" ind1=" " ind2=" ">
    <subfield code="a">2 v. in 1.</subfield>
  </datafield>
  <datafield tag="955" ind1=" " ind2=" ">
    <subfield code="b">CU59576804</subfield>
    <subfield code="d">off,glx</subfield>
    <subfield code="e">ME06695</subfield>
  </datafield>
</record>
</collection>